@article{Sturm2008A,
	title={A Single SNP in an Evolutionary Conserved Region within Intron 86 of the HERC2 Gene Determines Human Blue-Brown Eye Color},
	author={Sturm and Richard, A and Duffy and David, L and Zhao and Zhen, Zhen and Fabio, P. N and Stark and Mitchell, S},
	journal={American Journal of Human Genetics},
	volume={82},
	number={2},
	pages={424-431},
	year={2008},
}

@article{Important2011,
	author = {Tewhey, Ryan and Bansal, Vikas and Torkamani, Ali and Topol, Eric and Schork, Nicholas},
	year = {2011},
	month = {03},
	pages = {215-23},
	title = {The importance of phase information for human genomics},
	volume = {12},
	booktitle = {Nature reviews. Genetics}
}