@inproceedings{Aoki2011A,
	title={A method for automatically generating the emotional vectors of emoticons using weblog articles},
	author={Aoki, Sho and Uchida, Osamu},
	booktitle={Proceedings of the 10th WSEAS international conference on Applied computer and applied computational science},
	pages={132-136},
	year={2011},
}

@inproceedings{Barbieri2016How,
	title={How Cosmopolitan Are Emojis?: Exploring Emojis Usage and Meaning over Different Languages with Distributional Semantics},
	author={Barbieri, Francesco and Kruszewski, German and Ronzano, Francesco and Saggion, Horacio},
	booktitle={ACM on Multimedia Conference},
	pages={531-535},
	year={2016},
}

@inproceedings{Barbieri2016What,
	title={What does this Emoji Mean? A Vector Space Skip-Gram Model for Twitter Emojis},
	author={Barbieri, Francesco and Ronzano, Francesco and Saggion, Horacio},
	booktitle={Lrec},
	year={2016},
}

@article{Barbieri2017Are,
	title={Are Emojis Predictable?},
	author={Barbieri, Francesco and Ballesteros, Miguel and Saggion, Horacio},
	pages={105-111},
	year={2017},
}

@inproceedings{Cappallo:2015:IZE:2733373.2806335,
	author = {Cappallo, Spencer and Mensink, Thomas and Snoek, Cees G.M.},
	title = {Image2Emoji: Zero-shot Emoji Prediction for Visual Media},
	booktitle = {Proceedings of the 23rd ACM International Conference on Multimedia},
	series = {MM '15},
	year = {2015},
	isbn = {978-1-4503-3459-4},
	location = {Brisbane, Australia},
	pages = {1311--1314},
	numpages = {4},
	url = {http://doi.acm.org/10.1145/2733373.2806335},
	doi = {10.1145/2733373.2806335},
	acmid = {2806335},
	publisher = {ACM},
	address = {New York, NY, USA},
	keywords = {emoji, ideograms, images, multi-modal, multimedia, semantic embedding, text, video, visual representation},
} 