% https://www.dantecdynamics.com/docs/products-and-services/fluid-mechanics/piv/Flow_field_diagnostics_268.pdf
% https://www.dantecdynamics.com/flow-field-mapping-with-stereoscopic-piv-around-a-full-scale-car
% http://www.formula1-dictionary.net/Images/piv_system_how_how_it_work.jpg
% http://www.dlr.de/as/en/Portaldata/5/Resources/images/abteilungen/abt_ev/artikel/PIV_img1_m.jpg
% http://www.sprayanalysis.com/images/piv_lg.jpg
% http://opensourcepiv.weebly.com/a-brief-introduction-and-history-of-piv.html

@online{bib:PIV_background,
  author = {{History of PIV}},
  howpublished = {\url{http://opensourcepiv.weebly.com/a-brief-introduction-and-history-of-piv.html}},
  note = {Accessed: 07-03-2017},
}

@online{bib:tunaspeed
  author = {{History of PIV}},
  howpublished = {\url{http://hypertextbook.com/facts/2000/IsaacKlein.shtml,}},
  note = {Accessed: 29-04-2017},
}

@misc{bib:PIV_background2,
title={History of PIV},
howpublished = {\url{http://opensourcepiv.weebly.com/a-brief-introduction-and-history-of-piv.html}},
author={Unknown},
year={2017},
month=Mar}}

@misc{bib:statistical_independence,
title={Estimation Techniques in a Turbulent Flow Field},
howpublished = {\url{http://ecs.syr.edu/faculty/glauser/GradStudents/JulieAusseur/AIAA-2007-3975-6285B15D.pdf}},
author={Julie M. Ausseur
, Jeremy T. Pinier and Mark N. Glauser},
year={2017},
month=Mar}}


@article{EthicsEng_Broad,
  author  = {Durbin, Paul T}, 
  title   = {Engineering professional ethics in the broader dimension},
  year    = 2008,
  pages   = {226-233},
}

@book{bib:handout,
    author = "AFD Tutors",
    title = "PIV Prac 2017 - MCEN90018 : Experimental  Techniques",
    year = "2017"
}

@booklet{2013dp3,
    title = "Design Project: DP3; Machine Element Design #2",
    year = "2013"
}

@book{2015MBDL2,
    author = "Arend L. Schwab",
    title = "Lecture 2: Systematic approach for a system of interconnected rigid bodies, Virtual Power method and Lagrangian multipliers.",
    year = "2015"
}

@book{lectureNotes,
    author = "Arend L. Schwab, Guido M.J. Delhaes",
    title = "Lecture Notes: Rotation Matrix, Euler Angles \& Euler Parameters",
    year = "2010"
}

@book{2011shigley,
    title={Shigley's Mechanical Engineering Design},
    author={Budynas, R. G. Nisbett, J. K.},
    isbn={9780071328401},
    year={2011},
    publisher={McGraw-Hill}
}

@online{bib:matlabs,
  author = {{ODE45 online documentation}},
  howpublished = {\url{http://nl.mathworks.com/help/matlab/ref/ode45.html}},
  note = {Accessed: 23-4-2015},
}

@book{serway2004modern,
  title={Modern physics},
  author={Serway, Raymond and Moses, Clement and Moyer, Curt},
  year={2004},
  publisher={Cengage Learning}
}
