@inproceedings{Saphra2016EvaluatingIW,
	title={Evaluating Informal-Domain Word Representations With UrbanDictionary},
	author={Naomi Saphra},
	booktitle={RepEval@ACL},
	year={2016}
}

@article{Ukkonen1992ApproximateSM,
	title={Approximate String Matching with q-grams and Maximal Matches},
	author={Esko Ukkonen},
	journal={Theor. Comput. Sci.},
	year={1992},
	volume={92},
	pages={191-211}
}

@inproceedings{Zobel1996PhoneticSM,
	title={Phonetic String Matching: Lessons from Information Retrieval},
	author={Justin Zobel and Philip W. Dart},
	booktitle={SIGIR},
	year={1996}
}

@article{Hall1980ApproximateSM,
	title={Approximate String Matching},
	author={Patrick A. V. Hall and Geoff R. Dowling},
	journal={ACM Comput. Surv.},
	year={1980},
	volume={12},
	pages={381-402}
}

@inproceedings{Han2011,
	author = {Han, Bo and Baldwin, Timothy},
	title = {Lexical Normalisation of Short Text Messages: Makn Sens a \#Twitter},
	booktitle = {Proceedings of the 49th Annual Meeting of the Association for Computational Linguistics: Human Language Technologies - Volume 1},
	year = {2011},
	pages = {368--378},
} 

@article{Eger2016A,
	title={A Comparison of Four Character-Level String-to-String Translation Models for (OCR) Spelling Error Correction},
	author={Eger, Steffen and Brück, Tim Vor Der and Mehler, Alexander},
	journal={Prague Bulletin of Mathematical Linguistics},
	volume={105},
	number={1},
	pages={77-99},
	year={2016},
}

@inproceedings{Silfverberg2016Data,
	title={Data-Driven Spelling Correction using Weighted Finite-State Methods},
	author={Silfverberg, Miikka and Kauppinen, Pekka and Lindén, Krister},
	booktitle={Sigfsm Workshop on Statistical Nlp and Weighted Automata},
	pages={51-59},
	year={2016},
}

@inproceedings{Brill2000An,
	title={An Improved Error Model For Noisy Channel Spelling Correction},
	author={Brill, Eric and Moore, Robert C},
	booktitle={Proc.  Meeting of the Association for Computarional Linguistics},
	pages={286-293},
	year={2000},
}


@article{Hall1980,
	author = {Hall, Patrick A. V. and Dowling, Geoff R.},
	title = {Approximate String Matching},
	journal = {ACM Comput. Surv.},
	year = {1980},
}

@article{Gadd1988‘,
	title={‘Fisching fore werds’: phonetic retrieval of written text in information systems},
	author={Gadd, T. N.},
	journal={Program Electronic Library & Information Systems},
	volume={22},
	number={3},
	pages={222-237},
	year={1988},
}

@article{Levenshtein1965Binary,
	title={Binary codes capable of correcting deletions, insertions and reversals},
	author={Levenshtein, V. I},
	journal={Dokl.akad.nauk Sssr},
	volume={10},
	number={1},
	pages={845&ndash;848},
	year={1965},
}

