@book{rabiner1975theory,
	title={Theory and application of digital signal processing},
	author={Rabiner, L.R. and Gold, B.},
	isbn={9780139141010},
	lccn={74022332},
	series={Prentice-Hall signal processing series},
	url={https://books.google.com.au/books?id=iAxTAAAAMAAJ},
	year={1975},
	publisher={Prentice-Hall}
}


@book{rabiner1978digital,
	title={Digital Processing of Speech Signals},
	author={Rabiner, L.R. and Schafer, R.W.},
	isbn={9780132136037},
	lccn={78008555},
	series={Prentice-Hall signal processing series},
	url={https://books.google.com.au/books?id=wltTAAAAMAAJ},
	year={1978},
	publisher={Prentice-Hall}
}

@article{heiderman84,
	added-at = {2017-04-23T14:16:12.000+0200},
	author = {Heideman, M. and Johnson, D. and Burrus, C.},
	biburl = {https://www.bibsonomy.org/bibtex/2531b0cfa5bfb4ae6a3cacb91f0e496ec/ytyoun},
	doi = {10.1109/MASSP.1984.1162257},
	interhash = {6e6403a10cf02f082878c94099152ea7},
	intrahash = {531b0cfa5bfb4ae6a3cacb91f0e496ec},
	issn = {0740-7467},
	journal = {IEEE ASSP Magazine},
	keywords = {dft fft fourier magazine},
	month = {October},
	number = 4,
	pages = {14--21},
	timestamp = {2017-04-23T14:16:12.000+0200},
	title = {{Gauss} and the history of the fast {Fourier} transform},
	volume = 1,
	year = 1984
}

@book{Howard1995Binocular,
	title={Binocular vision and stereopsis.},
	author={Howard, Ian P and Rogers, Brian J},
	publisher={Oxford University Press},
	pages={407-408},
	year={1995},
}

@article{article2013,
	author = {Haberfehlner, Georg},
	year = {2013},
	month = {09},
	pages = {},
	title = {3D nanoimaging of semiconductor devices and materials by electron tomography},
}

@proceeding{Li2002Auto,
	author = { Li  Fan,JianZhong  Qian,Benjamin L. Odry,Hong  Shen,David  Naidich,Gerhard  Kohl,Ernst  Klotz},
	title = {Automatic segmentation of pulmonary nodules by using dynamic 3D cross-correlation for interactive CAD systems},
	journal = {Proc.SPIE},
	volume = {4684},
	pages = {4684 - 4684 - 8},
	year = {2002},
	doi = {10.1117/12.467100},
	URL = {https://doi.org/10.1117/12.467100},
}

@inproceedings{Lucas1981An,
	title={An iterative image registration technique with an application to stereo vision},
	author={Lucas, Bruce D. and Kanade, Takeo},
	booktitle={International Joint Conference on Artificial Intelligence},
	pages={674-679},
	year={1981},
}

@article{Marr1988A,
	title={A computational theory of human stereo vision.},
	author={Marr, D and Poggio, T},
	journal={Readings in Cognitive Science},
	volume={204},
	number={1156},
	pages={301-328},
	year={1988},
}

@book{Moravec1980Obstacle,
	title={Obstacle avoidance and navigation in the real world by a seeing robot rover},
	author={Moravec, Hans Peter},
	publisher={Stanford University},
	year={1980},
}

@inproceedings{Avrahami1991Sub,
	title={Sub-pixel edge detection in character digitization},
	author={Avrahami, Gideon and Pratt, Vaughan},
	booktitle={Conference proceedings on Raster imaging and digital typography II},
	pages={54-64},
	year={1991},
}

@article{Huertas2009Detection,
	title={Detection of Intensity Changes with Subpixel Accuracy Using Laplacian-Gaussian Masks},
	author={Huertas, A and Medioni, G},
	journal={IEEE Transactions on Pattern Analysis \& Machine Intelligence},
	volume={PAMI-8},
	number={5},
	pages={651-664},
	year={2009},
}

@misc{Haskett2001Ares,
	title={Ares method of sub-pixel target detection},
	author={Haskett, Hanna T},
	publisher={US},
	year={2001},
}

@inproceedings{Dosovitskiy2015FlowNet,
	title={FlowNet: Learning Optical Flow with Convolutional Networks},
	author={Dosovitskiy, Alexey and Fischery, Philipp and Ilg, Eddy and Usser, Philip},
	booktitle={IEEE International Conference on Computer Vision},
	pages={2758-2766},
	year={2015},
}

@INPROCEEDINGS{7298715,
	author = {Bo Li and Chunhua Shen and Yuchao Dai and A. van den Hengel and Mingyi He},
	booktitle = {2015 IEEE Conference on Computer Vision and Pattern Recognition (CVPR)},
	title = {Depth and surface normal estimation from monocular images using regression on deep features and hierarchical CRFs},
	year = {2015},
	volume = {00},
	number = {},
	pages = {1119-1127},
	keywords={},
	doi = {10.1109/CVPR.2015.7298715},
	url = {doi.ieeecomputersociety.org/10.1109/CVPR.2015.7298715},
	ISSN = {1063-6919},
	month={June}
}

@article{Lecun2015Stereo,
	title={Stereo matching by training a convolutional neural network to compare image patches},
	author={Lecun, Yann},
	volume={17},
	number={1},
	pages={2287-2318},
	year={2015},
}

@book{Hueckel1973A,
	title={A Local Visual Operator Which Recognizes Edges and Lines},
	author={Hueckel, Manfred H.},
	publisher={ACM},
	pages={634-647},
	year={1973},
}